@misc{BeamerWi26:online,
author = {},
title = {Beamer - Wikipedia},
howpublished = {\url{https://ja.wikipedia.org/wiki/Beamer}},
month = {},
year = {},
note = {(Accessed on 12/01/2020)}
}
